% Toward automated anomaly identification in large-scale systems

@article{lan2009toward,
  title={Toward automated anomaly identification in large-scale systems},
  author={Lan, Zhiling and Zheng, Ziming and Li, Yawei},
  journal={IEEE Transactions on Parallel and Distributed Systems},
  volume={21},
  number={2},
  pages={174--187},
  year={2009},
  publisher={IEEE}
}

% DeepLog: Anomaly Detection and Diagnosis from System Logs through Deep Learning 

@inproceedings{du2017deeplog,
  title={Deeplog: Anomaly detection and diagnosis from system logs through deep learning},
  author={Du, Min and Li, Feifei and Zheng, Guineng and Srikumar, Vivek},
  booktitle={Proceedings of the 2017 ACM SIGSAC Conference on Computer and Communications Security},
  pages={1285--1298},
  year={2017}
}


% RADS: Real-time Anomaly Detection System for Cloud Data Centres

@article{barbhuiya2018rads,
  title={RADS: Real-time Anomaly Detection System for Cloud Data Centres},
  author={Barbhuiya, Sakil and Papazachos, Zafeirios and Kilpatrick, Peter and Nikolopoulos, Dimitrios S},
  journal={arXiv preprint arXiv:1811.04481},
  year={2018}
}


% DEEP LEARNING FOR A NOMALY DETECTION : A SURVEY

@article{chalapathy2019deep,
  title={Deep learning for anomaly detection: A survey},
  author={Chalapathy, Raghavendra and Chawla, Sanjay},
  journal={arXiv preprint arXiv:1901.03407},
  year={2019}
}


%Recent Progress of Anomaly Detection

@article{xu2019recent,
  title={Recent progress of anomaly detection},
  author={Xu, Xiaodan and Liu, Huawen and Yao, Minghai},
  journal={Complexity},
  volume={2019},
  year={2019},
  publisher={Hindawi}
}


%A Survey on Unsupervised Outlier Detection in High-Dimensional Numerical Data

BibTex:
@article{zimek2012survey,
  title={A survey on unsupervised outlier detection in high-dimensional numerical data},
  author={Zimek, Arthur and Schubert, Erich and Kriegel, Hans-Peter},
  journal={Statistical Analysis and Data Mining: The ASA Data Science Journal},
  volume={5},
  number={5},
  pages={363--387},
  year={2012},
  publisher={Wiley Online Library}
}


%Unsupervised real-time anomaly detection for streaming data

@article{ahmad2017unsupervised,
  title={Unsupervised real-time anomaly detection for streaming data},
  author={Ahmad, Subutai and Lavin, Alexander and Purdy, Scott and Agha, Zuha},
  journal={Neurocomputing},
  volume={262},
  pages={134--147},
  year={2017},
  publisher={Elsevier}
}


%Deep learning for iot big data and streaming analytics: A survey
@article{mohammadi2018deep,
  title={Deep learning for IoT big data and streaming analytics: A survey},
  author={Mohammadi, Mehdi and Al-Fuqaha, Ala and Sorour, Sameh and Guizani, Mohsen},
  journal={IEEE Communications Surveys \& Tutorials},
  volume={20},
  number={4},
  pages={2923--2960},
  year={2018},
  publisher={IEEE}
}


%High-dimensional and largescale anomaly detection using a linear one-class svm with deep learning.
@article{erfani2016high,
  title={High-dimensional and large-scale anomaly detection using a linear one-class SVM with deep learning},
  author={Erfani, Sarah M and Rajasegarar, Sutharshan and Karunasekera, Shanika and Leckie, Christopher},
  journal={Pattern Recognition},
  volume={58},
  pages={121--134},
  year={2016},
  publisher={Elsevier}
}


%Anomaly detection using one-class neural networks
@article{chalapathy2018anomaly,
  title={Anomaly detection using one-class neural networks},
  author={Chalapathy, Raghavendra and Menon, Aditya Krishna and Chawla, Sanjay},
  journal={arXiv preprint arXiv:1802.06360},
  year={2018}
}


%Detecting anomalous data using auto-encoders. International Journal of Machine Learning and Computing
@article{andrews2016detecting,
  title={Detecting anomalous data using auto-encoders},
  author={Andrews, Jerone TA and Morton, Edward J and Griffin, Lewis D},
  journal={International Journal of Machine Learning and Computing},
  volume={6},
  number={1},
  pages={21},
  year={2016},
  publisher={IACSIT Press}
}


%Unsupervised and semi-supervised anomaly detection with lstm neural networks
@article{ergen2017unsupervised,
  title={Unsupervised and semi-supervised anomaly detection with lstm neural networks},
  author={Ergen, Tolga and Mirza, Ali Hassan and Kozat, Suleyman Serdar},
  journal={arXiv preprint arXiv:1710.09207},
  year={2017}
}


%Deep one-class classification
@inproceedings{ruff2018deep,
  title={Deep one-class classification},
  author={Ruff, Lukas and Vandermeulen, Robert and Goernitz, Nico and Deecke, Lucas and Siddiqui, Shoaib Ahmed and Binder, Alexander and M{\"u}ller, Emmanuel and Kloft, Marius},
  booktitle={International conference on machine learning},
  pages={4393--4402},
  year={2018}
}


%Long short-term memory

@article{hochreiter1997long,
  title={Long short-term memory},
  author={Hochreiter, Sepp and Schmidhuber, J{\"u}rgen},
  journal={Neural computation},
  volume={9},
  number={8},
  pages={1735--1780},
  year={1997},
  publisher={MIT Press}
}


%Group anomaly detection using deep generative models

@inproceedings{chalapathy2018group,
  title={Group anomaly detection using deep generative models},
  author={Chalapathy, Raghavendra and Toth, Edward and Chawla, Sanjay},
  booktitle={Joint European Conference on Machine Learning and Knowledge Discovery in Databases},
  pages={173--189},
  year={2018},
  organization={Springer}
}


%Collective anomaly detection based on long short-term memory recurrent neural networks. 

@inproceedings{bontemps2016collective,
  title={Collective anomaly detection based on long short-term memory recurrent neural networks},
  author={Bontemps, Lo{\"\i}c and McDermott, James and Le-Khac, Nhien-An and others},
  booktitle={International Conference on Future Data and Security Engineering},
  pages={141--152},
  year={2016},
  organization={Springer}
}



%Desh: deep learning for system health prediction of lead times to failure in hpc

@inproceedings{das2018desh,
  title={Desh: deep learning for system health prediction of lead times to failure in hpc},
  author={Das, Anwesha and Mueller, Frank and Siegel, Charles and Vishnu, Abhinav},
  booktitle={Proceedings of the 27th International Symposium on High-Performance Parallel and Distributed Computing},
  pages={40--51},
  year={2018}
}


%Deepad: A generic framework based on deep learning for time series anomaly detection

@inproceedings{buda2018deepad,
  title={Deepad: A generic framework based on deep learning for time series anomaly detection},
  author={Buda, Teodora Sandra and Caglayan, Bora and Assem, Haytham},
  booktitle={Pacific-Asia Conference on Knowledge Discovery and Data Mining},
  pages={577--588},
  year={2018},
  organization={Springer}
}


%JDeep learning for anomaly detectionin multivariate time series data

@phdthesis{assendorp2017deep,
  title={Deep learning for anomaly detection in multivariate time series data},
  author={Assendorp, Jan Paul},
  year={2017},
  school={Hochschule f{\"u}r Angewandte Wissenschaften Hamburg}
}

%Rank-based outlier detection

@article{huang2013rank,
  title={Rank-based outlier detection},
  author={Huang, Huaming and Mehrotra, Kishan and Mohan, Chilukuri K},
  journal={Journal of Statistical Computation and Simulation},
  volume={83},
  number={3},
  pages={518--531},
  year={2013},
  publisher={Taylor \& Francis}
}



@article{radovanovic2014reverse,
  title={Reverse nearest neighbors in unsupervised distance-based outlier detection},
  author={Radovanovi{\'c}, Milo{\v{s}} and Nanopoulos, Alexandros and Ivanovi{\'c}, Mirjana},
  journal={IEEE transactions on knowledge and data engineering},
  volume={27},
  number={5},
  pages={1369--1382},
  year={2014},
  publisher={IEEE}
}

@article{bhattacharya2015outlier,
  title={Outlier detection using neighborhood rank difference},
  author={Bhattacharya, Gautam and Ghosh, Koushik and Chowdhury, Ananda S},
  journal={Pattern Recognition Letters},
  volume={60},
  pages={24--31},
  year={2015},
  publisher={Elsevier}
}

@article{zhang2012shared,
  title={Shared Nearest Neighbors Based Outlier Detection for Biological Se-quences},
  author={Zhang, Lisheng and He, Zehua and Lei, Dajiang},
  journal={International Journal of Digital Content Technology and Its Applications},
  volume={6},
  number={12},
  pages={1--10},
  year={2012}
}

@article{tang2017local,
  title={A local density-based approach for outlier detection},
  author={Tang, Bo and He, Haibo},
  journal={Neurocomputing},
  volume={241},
  pages={171--180},
  year={2017},
  publisher={Elsevier}
}

@inproceedings{ramaswamy2000efficient,
  title={Efficient algorithms for mining outliers from large data sets},
  author={Ramaswamy, Sridhar and Rastogi, Rajeev and Shim, Kyuseok},
  booktitle={Proceedings of the 2000 ACM SIGMOD international conference on Management of data},
  pages={427--438},
  year={2000}
}

@inproceedings{angiulli2002fast,
  title={Fast outlier detection in high dimensional spaces},
  author={Angiulli, Fabrizio and Pizzuti, Clara},
  booktitle={European Conference on Principles of Data Mining and Knowledge Discovery},
  pages={15--27},
  year={2002},
  organization={Springer}
}

@inproceedings{breunig2000lof,
  title={LOF: identifying density-based local outliers},
  author={Breunig, Markus M and Kriegel, Hans-Peter and Ng, Raymond T and Sander, J{\"o}rg},
  booktitle={Proceedings of the 2000 ACM SIGMOD international conference on Management of data},
  pages={93--104},
  year={2000}
}

@inproceedings{kriegel2009loop,
  title={LoOP: local outlier probabilities},
  author={Kriegel, Hans-Peter and Kr{\"o}ger, Peer and Schubert, Erich and Zimek, Arthur},
  booktitle={Proceedings of the 18th ACM conference on Information and knowledge management},
  pages={1649--1652},
  year={2009}
}

@inproceedings{hautamaki2004outlier,
  title={Outlier detection using k-nearest neighbour graph},
  author={Hautamaki, Ville and Karkkainen, Ismo and Franti, Pasi},
  booktitle={Proceedings of the 17th International Conference on Pattern Recognition, 2004. ICPR 2004.},
  volume={3},
  pages={430--433},
  year={2004},
  organization={IEEE}
}

@article{huang2011outlier,
  title={Outlier detection using modified-ranks and other variants},
  author={Huang, Huaming and Mehrotra, Kishan and Mohan, Chilukuri K},
  year={2011}
}

@incollection{aggarwal2017high,
  title={High-dimensional outlier detection: the subspace method},
  author={Aggarwal, Charu C},
  booktitle={Outlier Analysis},
  pages={149--184},
  year={2017},
  publisher={Springer}
}

@inproceedings{muller2008outrank,
  title={OutRank: ranking outliers in high dimensional data},
  author={Muller, Emmanuel and Assent, Ira and Steinhausen, Uwe and Seidl, Thomas},
  booktitle={2008 IEEE 24th international conference on data engineering workshop},
  pages={600--603},
  year={2008},
  organization={IEEE}
}

@article{aggarwal2005effective,
  title={An effective and efficient algorithm for high-dimensional outlier detection},
  author={Aggarwal, Charu C and Philip, S Yu},
  journal={The VLDB journal},
  volume={14},
  number={2},
  pages={211--221},
  year={2005},
  publisher={Springer}
}

@inproceedings{kriegel2009outlier,
  title={Outlier detection in axis-parallel subspaces of high dimensional data},
  author={Kriegel, Hans-Peter and Kr{\"o}ger, Peer and Schubert, Erich and Zimek, Arthur},
  booktitle={Pacific-Asia Conference on Knowledge Discovery and Data Mining},
  pages={831--838},
  year={2009},
  organization={Springer}
}

@inproceedings{kriegel2008angle,
  title={Angle-based outlier detection in high-dimensional data},
  author={Kriegel, Hans-Peter and Schubert, Matthias and Zimek, Arthur},
  booktitle={Proceedings of the 14th ACM SIGKDD international conference on Knowledge discovery and data mining},
  pages={444--452},
  year={2008}
}

@book{hawkins1980identification,
  title={Identification of outliers},
  author={Hawkins, Douglas M},
  volume={11},
  year={1980},
  publisher={Springer}
}

@inproceedings{muller2011statistical,
  title={Statistical selection of relevant subspace projections for outlier ranking},
  author={M{\"u}ller, Emmanuel and Schiffer, Matthias and Seidl, Thomas},
  booktitle={2011 IEEE 27th international conference on data engineering},
  pages={434--445},
  year={2011},
  organization={IEEE}
}

@inproceedings{lazarevic2005feature,
  title={Feature bagging for outlier detection},
  author={Lazarevic, Aleksandar and Kumar, Vipin},
  booktitle={Proceedings of the eleventh ACM SIGKDD international conference on Knowledge discovery in data mining},
  pages={157--166},
  year={2005}
}

@misc{framework_data0,
  year = {2019},
  title = {Ensemble Learning in Python},
  url	= {https://www.datacamp.com/community/tutorials/ensemble-learning-python},
  urldate = {2019-07-24}
}

@misc{framework_data1,
  year = {2019},
  title = {Deep Learning Book: AutoEncoders},
  url	= {http://www.deeplearningbook.org/contents/autoencoders.html},
  urldate = {2019-07-24}
}

@misc{framework_data2,
  year = {2019},
  title = {Sparse autoencoder. CS294A Lecture notes},
  url	= {https://web.stanford.edu/class/cs294a/sparseAutoencoder.pdf},
  urldate = {2019-07-24}
}

@misc{framework_data3,
  year = {2019},
  title = {Credit Card Fraud Detection using Autoencoders in H2O},
  url	= {https://towardsdatascience.com/credit-card-fraud-detection-using-autoencoders-in-h2o-399cbb7ae4f1},
  urldate = {2019-07-24}
}

@misc{framework_data4,
  year = {2019},
  title = {Outlier Detection in Streaming Data},
  url	= {https://towardsdatascience.com/catch-me-if-you-can-outlier-detection-taxi-trajectory-streams-1bb6df584db0},
  urldate = {2019-07-24}
}

@misc{framework_data5,
  year = {2019},
  title = {Deep inside: Autoencoders},
  url	= {https://towardsdatascience.com/deep-inside-autoencoders-7e41f319999f},
  urldate = {2019-07-24}
}

@misc{framework_data6,
  year = {2019},
  title = {Understanding Latent Space in Machine Learning},
  url	= {https://towardsdatascience.com/understanding-latent-space-in-machine-learning-de5a7c687d8d},
  urldate = {2019-07-24}
}